% This file was created with JabRef 2.9.2.
% Encoding: ISO8859_1

@ARTICLE{beck1988,
  author = {A. D. Becke},
  title = {A multicenter numerical integration scheme for polyatomic molecules},
  journal = {J. Chem. Phys.},
  year = {1988},
  volume = {88},
  pages = {2547-2553},
  number = {4},
  doi = {10.1063/1.454033}
}

@ARTICLE{fux2010,
  author = {Samuel Fux and Christoph R. Jacob and Johannes Neugebauer and Lucas
	Visscher and Markus Reiher},
  title = {{Accurate frozen-density embedding potentials as a first step towards
	a subsystem description of covalent bonds}},
  journal = {J. Chem. Phys.},
  year = {2010},
  volume = {132},
  pages = {164101},
  timestamp = {2017.11.13}
}

@ARTICLE{heat2007,
  author = {Heaton-Burgess, Tim and Bulat, Felipe A. and Yang, Weitao},
  title = {Optimized Effective Potentials in Finite Basis Sets},
  journal = {Phys. Rev. Lett.},
  year = {2007},
  volume = {98},
  pages = {256401}
}

@ARTICLE{hu2010,
  author = {Xiangqian Hu and Weitao Yang},
  title = {Accelerating self-consistent field convergence with the augmented
	Roothaan--Hall energy function},
  journal = {The Journal of Chemical Physics},
  year = {2010},
  volume = {132},
  pages = {054109},
  number = {5}
}

@ARTICLE{good2010,
  author = {{J. D. Goodpaster, N. Ananth, F. R. Manby, and T. F. Miller III}},
  title = {{Exact nonadditive kinetic potentials for embedded density functional
	theory}},
  journal = {J. Chem. Phys.},
  year = {2010},
  volume = {133},
  pages = {084103},
  timestamp = {2017.11.13}
}

@ARTICLE{pula1982,
  author = {Pulay, P.},
  title = {Improved SCF convergence acceleration},
  journal = {Journal of Computational Chemistry},
  year = {1982},
  volume = {3},
  pages = {556--560},
  number = {4}
}

@ARTICLE{stra1996,
  author = {R. Eric Stratmann and Gustavo E. Scuseria and Michael J. Frisch},
  title = {Achieving linear scaling in exchange-correlation density functional
	quadratures},
  journal = {Chemical Physics Letters},
  year = {1996},
  volume = {257},
  pages = {213 - 223},
  number = {3}
}

@ARTICLE{unsl2016,
  author = {Unsleber, Jan P. and Neugebauer, Johannes and Jacob, Christoph R.},
  title = {No need for external orthogonality in subsystem density-functional
	theory},
  journal = {Phys. Chem. Chem. Phys.},
  year = {2016},
  volume = {18},
  pages = {21001-21009},
  timestamp = {2017.11.13}
}

@ARTICLE{weig2005,
  author = {Weigend, F. and Ahlrichs, R.},
  title = {Balanced basis sets of split valence, triple zeta valence and quadruple
	zeta valence quality for H to Rn: Design and assessment of accuracy
	7},
  journal = {Phys. Chem. Chem. Phys.},
  year = {2005},
  volume = {7},
  pages = {3297},
  issue = {18},
  timestamp = {2017.11.13}
}

@ARTICLE{wu2003,
  author = {Qin Wu and Weitao Yang},
  title = {{A direct optimization method for calculating density functionals
	and exchangeÂ¿correlation potentials from electron densities}},
  journal = {J. Chem. Phys.},
  year = {2003},
  volume = {118},
  pages = {2498--2509},
  number = {6},
  timestamp = {2017.11.13}
}

@MISC{boost,
  title = {BOOST C++ Libraries},
  note = {\url{http://www.boost.org} (access date: 08/07/2017)},
  timestamp = {2017.11.20}
}

@MISC{pybind11,
  title = {pybind11},
  note = {\url{https://github.com/pybind/pybind11} (access date: 09.04.2018)},
  timestamp = {2018.03.09}
}

